@article{dash2019big,
  title={Big Five personality traits and alcohol, nicotine, cannabis, and gambling disorder comorbidity},
  author={Dash, Gary F and Slutske, Wendy S and Martin, Nicholas G and Statham, Dixie J and Agrawal, Arpana and Lynskey, Michael T},
  journal={Psychology of Addictive Behaviors},
  volume={33},
  number={4},
  pages={420--429},
  year={2019},
  publisher={American Psychological Association}
}

@article{digman1990personality,
  title={Personality structure: Emergence of the five-factor model},
  author={Digman, John M},
  journal={Annual review of psychology},
  volume={41},
  number={1},
  pages={417--440},
  year={1990},
  publisher={Annual Reviews 4139 El Camino Way, PO Box 10139, Palo Alto, CA 94303-0139, USA}
}

@article{herold2021association,
  title={Association between friends' use of nicotine and cannabis and intake of both substances among adolescents},
  author={Herold, Rachel and Boykan, Rachel and Eliscu, Allison and Alcala, Hector E and Goniewicz, Maciej L},
  journal={International Journal of Environmental Research and Public Health},
  volume={18},
  number={2},
  pages={695},
  year={2021},
  publisher={Multidisciplinary Digital Publishing Institute}
}

@article{fehrman2017five,
  title={The five factor model of personality and evaluation of drug consumption risk},
  author={Fehrman, Elisabeth and Muhammad, Aisha K and Mirkes, Evgeny M and Egan, Vincent and Gorban, Alexander N},
  journal={In Proceedings of the Seventh International Conference on Complex Networks and Their Applications},
  pages={231--242},
  year={2017},
  organization={Springer}
}

@article{terracciano2008five,
  title={Five-factor model personality profiles of drug users},
  author={Terracciano, Antonio and Loeckenhoff, Corinna E and Crum, Rosa M and Bienvenu, O Joseph and Costa, Paul T},
  journal={BMC psychiatry},
  volume={8},
  number={1},
  pages={22},
  year={2008},
  publisher={Springer}
}

